@inproceedings{Raskar1998,
	author = {Raskar, Ramesh and Welch, Greg and Cutts, Matt and Lake, Adam and Stesin, Lev and Fuchs, Henry},
	title = {The Office of the Future: A Unified Approach to Image-based Modeling and Spatially Immersive Displays},
	booktitle = {Proceedings of the 25th Annual Conference on Computer Graphics and Interactive Techniques},
	series = {SIGGRAPH '98},
	year = {1998},
	isbn = {0-89791-999-8},
	pages = {179--188},
	numpages = {10},
	doi = {10.1145/280814.280861},
	acmid = {280861},
	publisher = {ACM},
	address = {New York, NY, USA},
	keywords = {autocalibration, calibration, depth, display, image-based modeling, image-based rendering, intensity blending, projection, range, reflectance, spatially immersive display, virtual environments},
}

@book{Bimber2005,
	author = {Bimber, Oliver and Raskar, Ramesh},
	title = {Spatial Augmented Reality: Merging Real and Virtual Worlds},
	year = {2005},
	isbn = {1568812302},
	publisher = {A. K. Peters, Ltd.},
	address = {Natick, MA, USA},
}

@INPROCEEDINGS{Tan2013, 
	author={M. Tan and W. Xu and D. Weng}, 
	booktitle={Computer-Aided Design and Computer Graphics (CAD/Graphics), 2013 International Conference on}, 
	title={iSarProjection: A KinectFusion Based Handheld Dynamic Spatial Augmented Reality System}, 
	year={2013}, 
	pages={425-426}, 
	keywords={augmented reality;cameras;image reconstruction;image registration;image texture;medical computing;pose estimation;KinectFusion-based handheld dynamic spatial augmented reality system;RGBD camera;dynamic SAR system;dynamically physical model augmentation;handheld projector;iSarProjection;medical anatomy visualization;physical display surface tracking;physical model point cloud;real-time dynamic spatial augmented reality system;real-time pose estimation;reconstructed 3D scene;texture mapping;white body model;Augmented reality;Biomedical imaging;Cameras;Head;Real-time systems;Surface reconstruction;Three-dimensional displays;Dynamic Projection;KinectFusion;Medical AR;Spatial Augmented Reality}, 
	doi={10.1109/CADGraphics.2013.79}, 
	month={Nov},
}

@ARTICLE{Fujimoto2014,
	author={Y. Fujimoto and R. T. Smith and T. Taketomi and G. Yamamoto and J. Miyazaki and H. Kato and B. H. Thomas}, 
	journal={IEEE Transactions on Visualization and Computer Graphics}, 
	title={Geometrically-Correct Projection-Based Texture Mapping onto a Deformable Object}, 
	year={2014}, 
	volume={20}, 
	number={4}, 
	pages={540-549}, 
	keywords={augmented reality;image registration;image texture;object detection;object recognition;3D shape measurement;deformable marker;deformable object;deformable substrates;extreme deformation conditions;fundamental vision recognition;geometrically-correct projection-based texture mapping;information based AR systems;invisible marker;marker pattern;object surface registration;projection surface;projection-based AR system;projection-based augmented reality;retro-reflective marker detection;Cameras;Pattern recognition;Shape;Substrates;Surface treatment;Three-dimensional displays;Projection-based augmented reality; deformable marker; product design support}, 
	doi={10.1109/TVCG.2014.25}, 
	ISSN={1077-2626}, 
	month={April},
}

@book{Hartley2003,
	author = {Hartley, Richard and Zisserman, Andrew},
	title = {Multiple View Geometry in Computer Vision},
	year = {2003},
	isbn = {0521540518},
	edition = {2},
	publisher = {Cambridge University Press},
	address = {New York, NY, USA},
}

@INPROCEEDINGS{Moreno2012,
	author={D. Moreno and G. Taubin}, 
	booktitle={2012 Second International Conference on 3D Imaging, Modeling, Processing, Visualization Transmission}, 
	title={Simple, Accurate, and Robust Projector-Camera Calibration}, 
	year={2012}, 
	pages={464-471}, 
	keywords={calibration;cameras;image processing;lenses;optical distortion;optical projectors;optical scanners;solid modelling;3D models;3D points;camera model;data projector;extended pinhole model;homography;image coordinates;laser scanners;lens distortion models;mathematical model;off-the-shelf components;precision loss;projector calibration techniques;projector image plane;projector-camera calibration;radial distortion coefficients;robust calibration methods;simplified model;structured-light systems;subpixel precision;tangential distortion coefficients;uncalibrated camera;Calibration;Cameras;Image color analysis;Image resolution;Reflective binary codes;Robustness;Software;calibration;camera;local homography;projector;structured-light}, 
	doi={10.1109/3DIMPVT.2012.77}, 
	ISSN={1550-6185}, 
	month={Oct},
}

@article{Costa2016,
	title = "Robust 3/6 DoF self-localization system with selective map update for mobile robot platforms",
	journal = "Robotics and Autonomous Systems",
	volume = "76",
	pages = "113 - 140",
	year = "2016",
	issn = "0921-8890",
	author = "Carlos M. Costa and Héber M. Sobreira and Armando J. Sousa and Germano M. Veiga",
	keywords = "Self-localization",
	keywords = "Simultaneous localization and mapping",
	keywords = "Point cloud registration",
	keywords = "Geometric feature matching"
}

@ARTICLE{Filipe2014,
	author={Filipe, S. and Alexandre, L.},
	isbn={9789897580031},
	journal={9th International Conference on Computer Vision Theory and Applications},
	title={{A Comparative Evaluation of 3D Keypoint Detectors in a RGB-D Object Dataset}},
	year={2014}
}

@ARTICLE{Lowe2004,
	year={2004},
	issn={0920-5691},
	journal={International Journal of Computer Vision},
	volume={60},
	number={2},
	doi={10.1023/B:VISI.0000029664.99615.94},
	title={Distinctive Image Features from Scale-Invariant Keypoints},
	publisher={Kluwer Academic Publishers},
	keywords={invariant features; object recognition; scale invariance; image matching},
	author={Lowe, DavidG.},
	pages={91-110},
	language={English}
}

@INPROCEEDINGS{Zhong2009, 
	author={Yu Zhong}, 
	booktitle={Computer Vision Workshops (ICCV Workshops), 2009 IEEE 12th International Conference on}, 
	title={Intrinsic shape signatures: A shape descriptor for 3D object recognition}, 
	year={2009}, 
	month={Sept}, 
	pages={689-696}, 
	keywords={computer graphics;computer vision;object recognition;pose estimation;shape recognition;3D object recognition;3D point clouds;3D shape descriptor;ISS;ISS shape descriptors;intrinsic shape signature;intrinsic shape signatures;pose estimation;shape descriptor;Clouds;Encoding;Geometry;Indexing;Layout;Noise shaping;Object recognition;Shape;Spatial databases;Vehicles}, 
	doi={10.1109/ICCVW.2009.5457637},
}

@INPROCEEDINGS{Rusu2009, 
	author={Rusu, R.B. and Blodow, N. and Beetz, M.}, 
	booktitle={Robotics and Automation, 2009. ICRA '09. IEEE International Conference on}, 
	title={Fast Point Feature Histograms (FPFH) for 3D registration}, 
	year={2009}, 
	month={May}, 
	pages={3212-3217}, 
	keywords={Clouds;Computational complexity;Convergence;Histograms;Intelligent systems;Iterative closest point algorithm;Optimization methods;Performance analysis;Robotics and automation;Robustness}, 
	doi={10.1109/ROBOT.2009.5152473}, 
	ISSN={1050-4729},
}

@INPROCEEDINGS{Rusu2008a, 
	author={Rusu, R.B. and Blodow, N. and Marton, Z.C. and Beetz, M.}, 
	booktitle={Intelligent Robots and Systems, 2008. IROS 2008. IEEE/RSJ International Conference on}, 
	title={Aligning point cloud views using persistent feature histograms}, 
	year={2008}, 
	month={Sept}, 
	pages={3384-3391}, 
	keywords={computational geometry;convergence of numerical methods;feature extraction;image registration;image sampling;iterative methods;solid modelling;statistical analysis;3D point cloud alignment;consistent global model;convergence basin;indoor-and-outdoor laser scan;iterative registration algorithm;optimal set extraction;persistent point feature histogram;point geometry;pose density;sampling density;Distance measurement;Histograms;Indexes;Meteorology;Noise measurement;Rough surfaces;Three dimensional displays}, 
	doi={10.1109/IROS.2008.4650967},
}

@INPROCEEDINGS{Tombari2011, 
	author={Tombari, F. and Salti, S. and Di Stefano, L.}, 
	booktitle={Image Processing (ICIP), 2011 18th IEEE International Conference on}, 
	title={A combined texture-shape descriptor for enhanced 3D feature matching}, 
	year={2011}, 
	month={Sept}, 
	pages={809-812}, 
	keywords={feature extraction;image matching;image sensors;image texture;object recognition;shape recognition;3D mesh;3D sensors;combined texture-shape descriptor;dubbed CSHOT;enhanced 3D feature matching;object recognition scenarios;Accuracy;Feature extraction;Histograms;Image color analysis;Measurement;Shape;Three dimensional displays;3D Descriptor;3D Features;Surface Matching}, 
	doi={10.1109/ICIP.2011.6116679}, 
	ISSN={1522-4880},
}

@ARTICLE{Frome2004,
	year={2004},
	isbn={978-3-540-21982-8},
	booktitle={Computer Vision - ECCV 2004},
	volume={3023},
	series={Lecture Notes in Computer Science},
	editor={Pajdla, Tomáš and Matas, Jiří},
	doi={10.1007/978-3-540-24672-5_18},
	title={Recognizing Objects in Range Data Using Regional Point Descriptors},
	publisher={Springer Berlin Heidelberg},
	author={Frome, Andrea and Huber, Daniel and Kolluri, Ravi and Bülow, Thomas and Malik, Jitendra},
	pages={224-237},
	language={English}
}

@INPROCEEDINGS{Tombari2010,
	author={Tombari, Federico and Salti, Samuele and Di Stefano, Luigi},
	title={Unique Shape Context for 3D Data Description},
	booktitle={Proceedings of the ACM Workshop on 3D Object Retrieval},
	series={3DOR '10},
	year={2010},
	isbn={978-1-4503-0160-2},
	location={Firenze, Italy},
	pages={57--62},
	numpages={6},
	doi={10.1145/1877808.1877821},
	acmid={1877821},
	publisher={ACM},
	address={New York, NY, USA},
	keywords={3d descriptor, 3d object recognition, 3d shape context, surface matching},
}

@INPROCEEDINGS{Wohlkinger2011,
	author={Wohlkinger, W. and Vincze, M.}, 
	booktitle={Robotics and Biomimetics (ROBIO), 2011 IEEE International Conference on}, 
	title={Ensemble of shape functions for 3D object classification}, 
	year={2011}, 
	month={Dec}, 
	pages={2987-2992}, 
	keywords={CAD;image classification;image retrieval;image sensors;object recognition;shape recognition;3D object classification;3D retrieval task;CAD-models;Kinect-style depth sensor;object class recognition;partial point clouds;real-time 3D shape;shape descriptor;shape functions;synthetic data;table scene contexts;Databases;Histograms;Real time systems;Robot sensing systems;Shape;Solid modeling;Three dimensional displays}, 
	doi={10.1109/ROBIO.2011.6181760},
}

@ARTICLE{Besl1992,
	author={Besl, P.J. and McKay, Neil D.}, 
	journal={Pattern Analysis and Machine Intelligence, IEEE Transactions on}, 
	title={A method for registration of 3-D shapes}, 
	year={1992}, 
	month={Feb}, 
	volume={14}, 
	number={2}, 
	pages={239-256}, 
	keywords={computational geometry;convergence of numerical methods;iterative methods;optimisation;pattern recognition;picture processing;3D shape registration;convergence;geometric entity;geometric model;iterative closest point;mean-square distance metric;pattern recognition;point set registration;Convergence;Inspection;Iterative algorithms;Iterative closest point algorithm;Iterative methods;Motion estimation;Quaternions;Shape measurement;Solid modeling;Testing}, 
	doi={10.1109/34.121791}, 
	ISSN={0162-8828},
}

@INPROCEEDINGS{Rusinkiewicz2001,
	title={Efficient Variants of the ICP Algorithm},
	author={Rusinkiewicz, Szymon and Levoy, Marc},
	booktitle={3-D Digital Imaging and Modeling},
	pages={145--152},
	year={2001},
	organization={IEEE}
}

@PHDTHESIS{Pomerleau2013,
	author={Pomerleau, Fran\c{c}ois},
	school={ETH Z\"{u}rich},
	title={{Methodology and Tools for ICP-like Algorithms}},
	year={2013}
}

@INPROCEEDINGS{Segal2009,
	author={A. Segal AND D. Haehnel AND S. Thrun},
	title={Generalized-ICP},
	booktitle={Proceedings of Robotics: Science and Systems},
	year={2009},
	address={Seattle, USA},
	month={June},
}

@PHDTHESIS{Magnusson2009,
	author={Martin Magnusson},
	title={The Three-Dimensional Normal-Distributions Transform --- an Efficient Representation for Registration, Surface Analysis, and Loop Detection},
	school={Örebro University},
	note={Örebro Studies in Technology 36},
	year={2009},
	month={dec}
}
